<?xml version="1.0" encoding="UTF-8"?><collection xmlns="http://www.loc.gov/MARC21/slim"><record><leader>00529nam--2200169-i-4500</leader><controlfield tag="001">000036141</controlfield><controlfield tag="002">20161230</controlfield><controlfield tag="005">20161230201040</controlfield><controlfield tag="008">060222s1000------------r-----000-0-eng-d</controlfield><datafield ind1=" " ind2=" " tag="040"><subfield code="a">IFIN-HH</subfield></datafield><datafield ind1=" " ind2=" " tag="080"><subfield code="a">539.144</subfield></datafield><datafield ind1="1" ind2=" " tag="100"><subfield code="a">Lindblad, Thomas</subfield></datafield><datafield ind1="1" ind2="0" tag="245"><subfield code="a">Rotation-particle coupling in odd-mass deformed nuclei</subfield><subfield code="b">In-beam cyclotron investigations of some nuclei in the mass region 171&lt;a&lt;183</subfield><subfield code="c">Thomas lindbald</subfield></datafield><datafield ind1=" " ind2=" " tag="260"><subfield code="a">Stockholm</subfield><subfield code="b">Univerisity</subfield><subfield code="c">1974</subfield></datafield><datafield ind1=" " ind2=" " tag="300"><subfield code="a">49P</subfield></datafield><datafield ind1=" " ind2=" " tag="852"><subfield code="a">43666</subfield><subfield code="c">539.14</subfield></datafield><datafield ind1=" " ind2=" " tag="CAT"><subfield code="a">Sys</subfield><subfield code="c">20120403</subfield><subfield code="h">120154</subfield></datafield></record></collection>